<?xml version="1.0" encoding="UTF-8"?><collection xmlns="http://www.loc.gov/MARC21/slim"><record><leader>00707nam--2200181-i-4500</leader><controlfield tag="001">000015552</controlfield><controlfield tag="002">20161230</controlfield><controlfield tag="005">20161230201031</controlfield><controlfield tag="008">060222s1000------------r-----000-0-fre-d</controlfield><datafield ind1=" " ind2=" " tag="040"><subfield code="a">IFIN-HH</subfield></datafield><datafield ind1=" " ind2=" " tag="041"><subfield code="a">fre</subfield></datafield><datafield ind1=" " ind2=" " tag="080"><subfield code="a">621.039.58</subfield></datafield><datafield ind1="1" ind2=" " tag="100"><subfield code="a">Charuau, Jean</subfield></datafield><datafield ind1="1" ind2="0" tag="245"><subfield code="a">Optimisation de la detection des aerosols radiactifs dans un local</subfield><subfield code="b">Seminaires sfrp - pierre latte, 22 au 26 mars 1982 avec le concours du centre technique de reference en ventilation et epuration necleaires (institut de protection et de surete nucleaire)</subfield><subfield code="c">Jean charuau</subfield></datafield><datafield ind1=" " ind2=" " tag="260"><subfield code="a">Paris</subfield><subfield code="b">Societe Francause De Radioprotection</subfield><subfield code="c">1982</subfield></datafield><datafield ind1=" " ind2=" " tag="300"><subfield code="a">/PAG.DIF.</subfield></datafield><datafield ind1=" " ind2=" " tag="852"><subfield code="a">72827</subfield><subfield code="c">539.1.07:539.1.08</subfield></datafield><datafield ind1=" " ind2=" " tag="CAT"><subfield code="a">Sys</subfield><subfield code="c">20111031</subfield><subfield code="h">130544</subfield></datafield></record></collection>